@inproceedings{Chaum82,
  author    = {David Chaum},
  title     = {Blind Signatures for Untraceable Payments},
  booktitle = {Advances in Cryptology: Proceedings of {CRYPTO} '82, Santa Barbara,
               California, USA, August 23-25, 1982},
  pages     = {199--203},
  year      = {1982},
  crossref  = {DBLP:conf/crypto/1982},
  url       = {https://doi.org/10.1007/978-1-4757-0602-4_18},
  doi       = {10.1007/978-1-4757-0602-4_18},
  timestamp = {Mon, 29 Jul 2019 16:00:10 +0200},
  biburl    = {https://dblp.org/rec/bib/conf/crypto/Chaum82},
  bibsource = {dblp computer science bibliography, https://dblp.org}
}

@proceedings{DBLP:conf/crypto/1982,
  editor    = {David Chaum and
               Ronald L. Rivest and
               Alan T. Sherman},
  title     = {Advances in Cryptology: Proceedings of {CRYPTO} '82, Santa Barbara,
               California, USA, August 23-25, 1982},
  publisher = {Plenum Press, New York},
  year      = {1983},
  url       = {https://doi.org/10.1007/978-1-4757-0602-4},
  doi       = {10.1007/978-1-4757-0602-4},
  timestamp = {Thu, 25 Jul 2019 12:26:02 +0200},
  biburl    = {https://dblp.org/rec/bib/conf/crypto/1982},
  bibsource = {dblp computer science bibliography, https://dblp.org}
}



@inproceedings{Schnorr89,
	author    = {Claus{-}Peter Schnorr},
	title     = {Efficient Identification and Signatures for Smart Cards},
	booktitle = {Advances in Cryptology - {CRYPTO} '89, 9th Annual International Cryptology
	Conference, Santa Barbara, California, USA, August 20-24, 1989, Proceedings},
	pages     = {239--252},
	year      = {1989},
	crossref  = {DBLP:conf/crypto/1989},
	url       = {https://doi.org/10.1007/0-387-34805-0_22},
	doi       = {10.1007/0-387-34805-0_22},
	timestamp = {Tue, 14 May 2019 10:00:48 +0200},
	biburl    = {https://dblp.org/rec/bib/conf/crypto/Schnorr89},
	bibsource = {dblp computer science bibliography, https://dblp.org}
}

@proceedings{DBLP:conf/crypto/1989,
	editor    = {Gilles Brassard},
	title     = {Advances in Cryptology - {CRYPTO} '89, 9th Annual International Cryptology
	Conference, Santa Barbara, California, USA, August 20-24, 1989, Proceedings},
	series    = {Lecture Notes in Computer Science},
	volume    = {435},
	publisher = {Springer},
	year      = {1990},
	url       = {https://doi.org/10.1007/0-387-34805-0},
	doi       = {10.1007/0-387-34805-0},
	isbn      = {3-540-97317-6},
	timestamp = {Tue, 14 May 2019 10:00:48 +0200},
	biburl    = {https://dblp.org/rec/bib/conf/crypto/1989},
	bibsource = {dblp computer science bibliography, https://dblp.org}
}


@article{MaxwellPSW19,
	author    = {Gregory Maxwell and
	Andrew Poelstra and
	Yannick Seurin and
	Pieter Wuille},
	title     = {Simple Schnorr multi-signatures with applications to Bitcoin},
	journal   = {Des. Codes Cryptogr.},
	volume    = {87},
	number    = {9},
	pages     = {2139--2164},
	year      = {2019},
	url       = {https://doi.org/10.1007/s10623-019-00608-x},
	doi       = {10.1007/s10623-019-00608-x},
	timestamp = {Mon, 23 Sep 2019 17:26:44 +0200},
	biburl    = {https://dblp.org/rec/bib/journals/dcc/MaxwellPSW19},
	bibsource = {dblp computer science bibliography, https://dblp.org}
}

@online{Poelstra19,
	author = {Andrew Poelstra},
	title = {Implementing Compact Threshold MuSig Signatures
	2},
	date = {2019-02-05},
	url = {https://youtu.be/j9Wvz7zI_Ac?t=1419},
}



@article{DBLP:journals/iacr/MillerXCSS16,
	author    = {Andrew Miller and
	Yu Xia and
	Kyle Croman and
	Elaine Shi and
	Dawn Song},
	title     = {The Honey Badger of {BFT} Protocols},
	journal   = {{IACR} Cryptology ePrint Archive},
	volume    = {2016},
	pages     = {199},
	year      = {2016},
	url       = {http://eprint.iacr.org/2016/199},
	timestamp = {Mon, 08 Jul 2019 08:49:29 +0200},
	biburl    = {https://dblp.org/rec/bib/journals/iacr/MillerXCSS16},
	bibsource = {dblp computer science bibliography, https://dblp.org}
}

